<record><leader>00000cas a22000007a 4500</leader><controlfield tag="001">16665922</controlfield><controlfield tag="008">870910d18961983iauwr ne      0    0eng d</controlfield><datafield ind1=" " ind2=" " tag="010"><subfield code="a">sn 87058497 </subfield></datafield><datafield ind1=" " ind2=" " tag="040"><subfield code="a">INP</subfield><subfield code="b">eng</subfield><subfield code="c">INP</subfield><subfield code="d">OCLCQ</subfield></datafield><datafield ind1=" " ind2=" " tag="042"><subfield code="a">msc</subfield></datafield><datafield ind1="0" ind2=" " tag="130"><subfield code="a">Storm Lake pilot-tribune (Storm Lake, Iowa : 1896)</subfield></datafield><datafield ind1="1" ind2="0" tag="245"><subfield code="a">Storm Lake pilot-tribune.</subfield></datafield><datafield ind1=" " ind2=" " tag="260"><subfield code="a">Storm Lake, Iowa :</subfield><subfield code="b">Walpole &amp; Smith,</subfield><subfield code="c">1896-1983.</subfield></datafield><datafield ind1=" " ind2=" " tag="300"><subfield code="a">89 v.</subfield></datafield><datafield ind1=" " ind2=" " tag="310"><subfield code="a">Weekly</subfield></datafield><datafield ind1="0" ind2=" " tag="362"><subfield code="a">Vol. 26, no. 34 (Aug. 21, 1896)-v. 114, no. 32 (Aug. 10, 1983).</subfield></datafield><datafield ind1=" " ind2=" " tag="500"><subfield code="a">Publisher varies.</subfield></datafield><datafield ind1=" " ind2=" " tag="515"><subfield code="a">Issue for Jan. 7, 1921 misdated Jan. 7, 1920.</subfield></datafield><datafield ind1=" " ind2=" " tag="752"><subfield code="a">United States</subfield><subfield code="b">Iowa</subfield><subfield code="c">Buena Vista</subfield><subfield code="d">Storm Lake.</subfield></datafield><datafield ind1="0" ind2="4" tag="780"><subfield code="t">Storm Lake pilot (Storm Lake, Iowa : 1870)</subfield><subfield code="w">(DLC)sn 84027368</subfield></datafield><datafield ind1="0" ind2="4" tag="780"><subfield code="t">Storm Lake tribune</subfield><subfield code="w">(DLC)sn 88059462</subfield></datafield><datafield ind1="0" ind2="0" tag="785"><subfield code="t">Expanded Storm Lake pilot-tribune</subfield><subfield code="w">(DLC)sn 83008579</subfield></datafield></record>